<?xml version="1.0" encoding="UTF-8" ?><Document xmlns:xsi="http://www.w3.org/2001/XMLSchema-instance" xmlns="urn:iso:std:iso:20022:tech:xsd:camt.053.001.02"><BkToCstmrStmt><GrpHdr><MsgId>418250264</MsgId><CreDtTm>2018-02-09T23:56:36.686+01:00</CreDtTm><MsgPgntn><PgNb>1</PgNb><LastPgInd>true</LastPgInd></MsgPgntn></GrpHdr><Stmt><Id>545813816.2018-02-09</Id><ElctrncSeqNb>29</ElctrncSeqNb><CreDtTm>2018-02-09T23:56:36.686+01:00</CreDtTm><Acct><Id><IBAN>NL82ABNA0545813816</IBAN></Id><Ccy>EUR</Ccy><Svcr><FinInstnId><BIC>ABNANL2A</BIC></FinInstnId></Svcr></Acct><Bal><Tp><CdOrPrtry><Cd>PRCD</Cd></CdOrPrtry></Tp><Amt Ccy="EUR">4691109.33</Amt><CdtDbtInd>CRDT</CdtDbtInd><Dt><Dt>2018-02-08</Dt></Dt></Bal><Bal><Tp><CdOrPrtry><Cd>CLBD</Cd></CdOrPrtry></Tp><Amt Ccy="EUR">4690586.69</Amt><CdtDbtInd>CRDT</CdtDbtInd><Dt><Dt>2018-02-09</Dt></Dt></Bal><Bal><Tp><CdOrPrtry><Cd>CLAV</Cd></CdOrPrtry></Tp><Amt Ccy="EUR">4690586.69</Amt><CdtDbtInd>CRDT</CdtDbtInd><Dt><Dt>2018-02-09</Dt></Dt></Bal><Bal><Tp><CdOrPrtry><Cd>FWAV</Cd></CdOrPrtry></Tp><Amt Ccy="EUR">4690586.69</Amt><CdtDbtInd>CRDT</CdtDbtInd><Dt><Dt>2018-02-10</Dt></Dt></Bal><Bal><Tp><CdOrPrtry><Cd>FWAV</Cd></CdOrPrtry></Tp><Amt Ccy="EUR">4690586.69</Amt><CdtDbtInd>CRDT</CdtDbtInd><Dt><Dt>2018-02-11</Dt></Dt></Bal><Bal><Tp><CdOrPrtry><Cd>FWAV</Cd></CdOrPrtry></Tp><Amt Ccy="EUR">4690586.69</Amt><CdtDbtInd>CRDT</CdtDbtInd><Dt><Dt>2018-02-12</Dt></Dt></Bal><Bal><Tp><CdOrPrtry><Cd>FWAV</Cd></CdOrPrtry></Tp><Amt Ccy="EUR">4690586.69</Amt><CdtDbtInd>CRDT</CdtDbtInd><Dt><Dt>2018-02-13</Dt></Dt></Bal><Bal><Tp><CdOrPrtry><Cd>FWAV</Cd></CdOrPrtry></Tp><Amt Ccy="EUR">4690586.69</Amt><CdtDbtInd>CRDT</CdtDbtInd><Dt><Dt>2018-02-14</Dt></Dt></Bal><Ntry><Amt Ccy="EUR">522.64</Amt><CdtDbtInd>DBIT</CdtDbtInd><Sts>BOOK</Sts><BookgDt><Dt>2018-02-09</Dt></BookgDt><ValDt><Dt>2018-02-09</Dt></ValDt><AcctSvcrRef>GT020008074777640AO</AcctSvcrRef><BkTxCd><Domn><Cd>PMNT</Cd><Fmly><Cd>ICDT</Cd><SubFmlyCd>ESCT</SubFmlyCd></Fmly></Domn><Prtry><Cd>N658</Cd><Issr>ABNAMRO</Issr></Prtry></BkTxCd><NtryDtls><TxDtls><Refs><MsgId>I8040123001</MsgId><AcctSvcrRef>GT020008074777640AO</AcctSvcrRef><PmtInfId>NONREF</PmtInfId><EndToEndId>NONREF</EndToEndId></Refs><AmtDtls><TxAmt><Amt Ccy="EUR">522.64</Amt></TxAmt></AmtDtls><RltdPties><Cdtr><Nm>KUIN JA</Nm><PstlAdr><Ctry>NL</Ctry><AdrLine>UTRECHT</AdrLine></PstlAdr></Cdtr><CdtrAcct><Id><IBAN>NL18RABO0305868861</IBAN></Id></CdtrAcct></RltdPties><RltdAgts><DbtrAgt><FinInstnId><BIC>ABNANL2A</BIC></FinInstnId></DbtrAgt><CdtrAgt><FinInstnId><BIC>RABONL2U</BIC></FinInstnId></CdtrAgt></RltdAgts><RmtInf><Ustrd>ENECO AANSLAG BGHU 2018 BS40KP/450033/K2931B</Ustrd></RmtInf></TxDtls></NtryDtls><AddtlNtryInf>/TRTP/SEPA OVERBOEKING/IBAN/NL18RABO0305868861/BIC/RABONL2U/NAME/KUIN JA/REMI/ENECO AANSLAG BGHU 2018 BS40KP/450033/K2931B/EREF/NONREF</AddtlNtryInf></Ntry></Stmt></BkToCstmrStmt></Document>