<?xml version="1.0" encoding="UTF-8" ?><Document xmlns:xsi="http://www.w3.org/2001/XMLSchema-instance" xmlns="urn:iso:std:iso:20022:tech:xsd:camt.053.001.02"><BkToCstmrStmt><GrpHdr><MsgId>408671988</MsgId><CreDtTm>2018-01-09T21:35:36.092+01:00</CreDtTm><MsgPgntn><PgNb>1</PgNb><LastPgInd>true</LastPgInd></MsgPgntn></GrpHdr><Stmt><Id>408671988</Id><ElctrncSeqNb>542</ElctrncSeqNb><CreDtTm>2018-01-09T21:35:36.092+01:00</CreDtTm><Acct><Id><IBAN>GB90FTSB40625220018712</IBAN></Id><Ccy>GBP</Ccy><Svcr><FinInstnId><BIC>FTSBGB2L</BIC></FinInstnId></Svcr></Acct><Bal><Tp><CdOrPrtry><Cd>PRCD</Cd></CdOrPrtry></Tp><Amt Ccy="GBP">2495.91</Amt><CdtDbtInd>CRDT</CdtDbtInd><Dt><Dt>2018-01-08</Dt></Dt></Bal><Bal><Tp><CdOrPrtry><Cd>CLBD</Cd></CdOrPrtry></Tp><Amt Ccy="GBP">2495.91</Amt><CdtDbtInd>CRDT</CdtDbtInd><Dt><Dt>2018-01-09</Dt></Dt></Bal><Bal><Tp><CdOrPrtry><Cd>CLAV</Cd></CdOrPrtry></Tp><Amt Ccy="GBP">2495.91</Amt><CdtDbtInd>CRDT</CdtDbtInd><Dt><Dt>2018-01-09</Dt></Dt></Bal><Bal><Tp><CdOrPrtry><Cd>FWAV</Cd></CdOrPrtry></Tp><Amt Ccy="GBP">2495.91</Amt><CdtDbtInd>CRDT</CdtDbtInd><Dt><Dt>2018-01-10</Dt></Dt></Bal><Bal><Tp><CdOrPrtry><Cd>FWAV</Cd></CdOrPrtry></Tp><Amt Ccy="GBP">2495.91</Amt><CdtDbtInd>CRDT</CdtDbtInd><Dt><Dt>2018-01-11</Dt></Dt></Bal><Bal><Tp><CdOrPrtry><Cd>FWAV</Cd></CdOrPrtry></Tp><Amt Ccy="GBP">2495.91</Amt><CdtDbtInd>CRDT</CdtDbtInd><Dt><Dt>2018-01-12</Dt></Dt></Bal><Bal><Tp><CdOrPrtry><Cd>FWAV</Cd></CdOrPrtry></Tp><Amt Ccy="GBP">2495.91</Amt><CdtDbtInd>CRDT</CdtDbtInd><Dt><Dt>2018-01-13</Dt></Dt></Bal><Bal><Tp><CdOrPrtry><Cd>FWAV</Cd></CdOrPrtry></Tp><Amt Ccy="GBP">2495.91</Amt><CdtDbtInd>CRDT</CdtDbtInd><Dt><Dt>2018-01-14</Dt></Dt></Bal><Ntry><Amt Ccy="GBP">100000.00</Amt><CdtDbtInd>CRDT</CdtDbtInd><Sts>BOOK</Sts><BookgDt><Dt>2018-01-09</Dt></BookgDt><ValDt><Dt>2018-01-09</Dt></ValDt><AcctSvcrRef>CPE-01-09-201848</AcctSvcrRef><BkTxCd><Domn><Cd>CAMT</Cd><Fmly><Cd>ACCB</Cd><SubFmlyCd>SWEP</SubFmlyCd></Fmly></Domn><Prtry><Cd>NCMS</Cd><Issr>SWIFT</Issr></Prtry></BkTxCd><NtryDtls><TxDtls><Refs><AcctSvcrRef>CPE-01-09-201848</AcctSvcrRef></Refs><AmtDtls><TxAmt><Amt Ccy="GBP">100000.00</Amt></TxAmt></AmtDtls></TxDtls></NtryDtls><AddtlNtryInf>CBTB                                                             TBV.9000004640.09012018.0001                                     FROM NL84ABNA0242139469 GBP                                      TO GB90FTSB40625220018712 GBP                                    Cash Pooling Transaction</AddtlNtryInf></Ntry><Ntry><Amt Ccy="GBP">15857.66</Amt><CdtDbtInd>DBIT</CdtDbtInd><Sts>BOOK</Sts><BookgDt><Dt>2018-01-09</Dt></BookgDt><ValDt><Dt>2018-01-10</Dt></ValDt><AcctSvcrRef>CPE-01-09-201855</AcctSvcrRef><BkTxCd><Domn><Cd>CAMT</Cd><Fmly><Cd>ACCB</Cd><SubFmlyCd>SWEP</SubFmlyCd></Fmly></Domn><Prtry><Cd>NCMS</Cd><Issr>SWIFT</Issr></Prtry></BkTxCd><NtryDtls><TxDtls><Refs><AcctSvcrRef>CPE-01-09-201855</AcctSvcrRef></Refs><AmtDtls><TxAmt><Amt Ccy="GBP">15857.66</Amt></TxAmt></AmtDtls></TxDtls></NtryDtls><AddtlNtryInf>CBTB                                                             TBV.9000004640.09012018.0003                                     FROM GB90FTSB40625220018712 GBP                                  TO NL84ABNA0242139469 GBP                                        Cash Pooling Transaction</AddtlNtryInf></Ntry><Ntry><Amt Ccy="GBP">100000.00</Amt><CdtDbtInd>DBIT</CdtDbtInd><Sts>BOOK</Sts><BookgDt><Dt>2018-01-09</Dt></BookgDt><ValDt><Dt>2018-01-09</Dt></ValDt><AcctSvcrRef>CPE-01-09-201833</AcctSvcrRef><BkTxCd><Domn><Cd>CAMT</Cd><Fmly><Cd>ACCB</Cd><SubFmlyCd>SWEP</SubFmlyCd></Fmly></Domn><Prtry><Cd>NCMS</Cd><Issr>SWIFT</Issr></Prtry></BkTxCd><NtryDtls><TxDtls><Refs><AcctSvcrRef>CPE-01-09-201833</AcctSvcrRef></Refs><AmtDtls><TxAmt><Amt Ccy="GBP">100000.00</Amt></TxAmt></AmtDtls></TxDtls></NtryDtls><AddtlNtryInf>CBTB                                                             TBV.9000004640.09012018.0002                                     FROM GB90FTSB40625220018712 GBP                                  TO NL84ABNA0242139469 GBP                                        Cash Pooling Transaction</AddtlNtryInf></Ntry><Ntry><Amt Ccy="GBP">0.20</Amt><CdtDbtInd>DBIT</CdtDbtInd><Sts>BOOK</Sts><BookgDt><Dt>2018-01-09</Dt></BookgDt><ValDt><Dt>2018-01-10</Dt></ValDt><AcctSvcrRef>1FT1800910522</AcctSvcrRef><BkTxCd><Domn><Cd>ACMT</Cd><Fmly><Cd>ADOP</Cd><SubFmlyCd>CHRG</SubFmlyCd></Fmly></Domn><Prtry><Cd>FCHG</Cd><Issr>SWIFT</Issr></Prtry></BkTxCd><NtryDtls><TxDtls><Refs><AcctSvcrRef>1FT1800910522</AcctSvcrRef><PmtInfId>317</PmtInfId></Refs><AmtDtls><TxAmt><Amt Ccy="GBP">0.20</Amt></TxAmt></AmtDtls></TxDtls></NtryDtls><AddtlNtryInf>20000050305669, ELEXON CLEAR                                     317                                                              Inward Clearing Charges</AddtlNtryInf></Ntry><Ntry><Amt Ccy="GBP">15857.86</Amt><CdtDbtInd>CRDT</CdtDbtInd><Sts>BOOK</Sts><BookgDt><Dt>2018-01-09</Dt></BookgDt><ValDt><Dt>2018-01-10</Dt></ValDt><AcctSvcrRef>1FT1800910522</AcctSvcrRef><BkTxCd><Domn><Cd>PMNT</Cd><Fmly><Cd>RCDT</Cd><SubFmlyCd>NTAV</SubFmlyCd></Fmly></Domn><Prtry><Cd>NTRF</Cd><Issr>SWIFT</Issr></Prtry></BkTxCd><NtryDtls><TxDtls><Refs><AcctSvcrRef>1FT1800910522</AcctSvcrRef></Refs><AmtDtls><TxAmt><Amt Ccy="GBP">15857.86</Amt></TxAmt></AmtDtls></TxDtls></NtryDtls><AddtlNtryInf>20000050305669, ELEXON CLEAR                                     317                                                              Inward SIC Payment</AddtlNtryInf></Ntry></Stmt></BkToCstmrStmt></Document>