<?xml version="1.0" encoding="UTF-8" ?><Document xmlns:xsi="http://www.w3.org/2001/XMLSchema-instance" xmlns="urn:iso:std:iso:20022:tech:xsd:camt.053.001.02"><BkToCstmrStmt><GrpHdr><MsgId>418237963</MsgId><CreDtTm>2018-02-09T22:52:40.957+01:00</CreDtTm><MsgPgntn><PgNb>1</PgNb><LastPgInd>true</LastPgInd></MsgPgntn></GrpHdr><Stmt><Id>240751337.2018-02-09</Id><ElctrncSeqNb>29</ElctrncSeqNb><CreDtTm>2018-02-09T22:52:40.957+01:00</CreDtTm><Acct><Id><IBAN>NL12ABNA0240751337</IBAN></Id><Ccy>EUR</Ccy><Svcr><FinInstnId><BIC>ABNANL2A</BIC></FinInstnId></Svcr></Acct><Bal><Tp><CdOrPrtry><Cd>PRCD</Cd></CdOrPrtry></Tp><Amt Ccy="EUR">3409687.49</Amt><CdtDbtInd>CRDT</CdtDbtInd><Dt><Dt>2018-02-08</Dt></Dt></Bal><Bal><Tp><CdOrPrtry><Cd>CLBD</Cd></CdOrPrtry></Tp><Amt Ccy="EUR">3409287.71</Amt><CdtDbtInd>CRDT</CdtDbtInd><Dt><Dt>2018-02-09</Dt></Dt></Bal><Bal><Tp><CdOrPrtry><Cd>CLAV</Cd></CdOrPrtry></Tp><Amt Ccy="EUR">3409287.71</Amt><CdtDbtInd>CRDT</CdtDbtInd><Dt><Dt>2018-02-09</Dt></Dt></Bal><Bal><Tp><CdOrPrtry><Cd>FWAV</Cd></CdOrPrtry></Tp><Amt Ccy="EUR">3409287.71</Amt><CdtDbtInd>CRDT</CdtDbtInd><Dt><Dt>2018-02-10</Dt></Dt></Bal><Bal><Tp><CdOrPrtry><Cd>FWAV</Cd></CdOrPrtry></Tp><Amt Ccy="EUR">3409287.71</Amt><CdtDbtInd>CRDT</CdtDbtInd><Dt><Dt>2018-02-11</Dt></Dt></Bal><Bal><Tp><CdOrPrtry><Cd>FWAV</Cd></CdOrPrtry></Tp><Amt Ccy="EUR">3409287.71</Amt><CdtDbtInd>CRDT</CdtDbtInd><Dt><Dt>2018-02-12</Dt></Dt></Bal><Bal><Tp><CdOrPrtry><Cd>FWAV</Cd></CdOrPrtry></Tp><Amt Ccy="EUR">3409287.71</Amt><CdtDbtInd>CRDT</CdtDbtInd><Dt><Dt>2018-02-13</Dt></Dt></Bal><Bal><Tp><CdOrPrtry><Cd>FWAV</Cd></CdOrPrtry></Tp><Amt Ccy="EUR">3409287.71</Amt><CdtDbtInd>CRDT</CdtDbtInd><Dt><Dt>2018-02-14</Dt></Dt></Bal><Ntry><Amt Ccy="EUR">20000.00</Amt><CdtDbtInd>DBIT</CdtDbtInd><Sts>BOOK</Sts><BookgDt><Dt>2018-02-09</Dt></BookgDt><ValDt><Dt>2018-02-09</Dt></ValDt><BkTxCd><Domn><Cd>CAMT</Cd><Fmly><Cd>ACCB</Cd><SubFmlyCd>SWEP</SubFmlyCd></Fmly></Domn><Prtry><Cd>N551</Cd><Issr>ABNAMRO</Issr></Prtry></BkTxCd><NtryDtls><TxDtls><AmtDtls><TxAmt><Amt Ccy="EUR">20000.00</Amt></TxAmt></AmtDtls></TxDtls></NtryDtls><AddtlNtryInf>CBTB                                                             TBV.9000003695.09022018.0001                                     FROM NL12ABNA0240751337 EUR                                      TO DE34503240003000006427 EUR</AddtlNtryInf></Ntry><Ntry><Amt Ccy="EUR">19600.22</Amt><CdtDbtInd>CRDT</CdtDbtInd><Sts>BOOK</Sts><BookgDt><Dt>2018-02-09</Dt></BookgDt><ValDt><Dt>2018-02-09</Dt></ValDt><BkTxCd><Domn><Cd>CAMT</Cd><Fmly><Cd>ACCB</Cd><SubFmlyCd>SWEP</SubFmlyCd></Fmly></Domn><Prtry><Cd>N551</Cd><Issr>ABNAMRO</Issr></Prtry></BkTxCd><NtryDtls><TxDtls><AmtDtls><TxAmt><Amt Ccy="EUR">19600.22</Amt></TxAmt></AmtDtls></TxDtls></NtryDtls><AddtlNtryInf>CBTB                                                             TBV.9000003695.09022018.0002                                     FROM DE34503240003000006427 EUR                                  TO NL12ABNA0240751337 EUR</AddtlNtryInf></Ntry></Stmt></BkToCstmrStmt></Document>